<?xml version="1.0" encoding="UTF-8"?><collection xmlns="http://www.loc.gov/MARC21/slim"><record><leader>03668nab a2200337 a 4500</leader><controlfield tag="001">vtls000016547</controlfield><controlfield tag="003">IFAD</controlfield><controlfield tag="005">20190614164600.0</controlfield><controlfield tag="008">190614 2019                  000 0 eng d</controlfield><datafield tag="035" ind1=" " ind2=" "><subfield code="a">IF000016547</subfield></datafield><datafield tag="039" ind1=" " ind2="9"><subfield code="a">201906141646</subfield><subfield code="b">vaids</subfield><subfield code="c">201906141643</subfield><subfield code="d">vaids</subfield><subfield code="c">201906141640</subfield><subfield code="d">vaids</subfield><subfield code="y">201906141640</subfield><subfield code="z">vaids</subfield></datafield><datafield tag="090" ind1=" " ind2=" "><subfield code="a">S2256 9 N38</subfield></datafield><datafield tag="100" ind1="1" ind2=" "><subfield code="a">Bernstein, J.</subfield></datafield><datafield tag="245" ind1=" " ind2=" "><subfield code="a">Meta-evidence review on the impacts of investments in agricultural and rural development on Sustainable Development Goals 1 and 2</subfield></datafield><datafield tag="260" ind1=" " ind2=" "><subfield code="b">IFAD</subfield><subfield code="c">2019</subfield></datafield><datafield tag="300" ind1=" " ind2=" "><subfield code="a">86 pp.</subfield></datafield><datafield tag="490" ind1=" " ind2=" "><subfield code="a">IFAD Research Series</subfield></datafield><datafield tag="520" ind1=" " ind2=" "><subfield code="a">The interconnected nature of the Sustainable Development Goals (SDGs) forces the&#xD;
development community to look broadly at solutions and outcomes. By drawing on&#xD;
evidence from systematic and comprehensive reviews, this report provides an overview of&#xD;
the evidence on 10 different intervention types related to agriculture and rural development,&#xD;
and how these intervention types have impacted seven different outcomes associated with&#xD;
SDG 1 (“End poverty in all its forms everywhere”) and SDG 2 (“End hunger, achieve food&#xD;
security and improved nutrition and promote sustainable agriculture”). The seven outcomes&#xD;
of interest are poverty, income, food security (measured by diet quantity), nutrition security&#xD;
(measured by diet quality and/or nutrition), child stunting, child wasting and agricultural&#xD;
productivity. There is a total of 79 systematic reviews included in this meta-review, including&#xD;
18 reviews that look at poverty, 33 reviews that look at food security, 36 reviews on nutrition&#xD;
security, 24 reviews on stunting, 18 reviews on child wasting and/or overweight, 31 reviews&#xD;
on productivity and 48 reviews on income. For each intervention/outcome combination, a&#xD;
summary of the evidence is provided, including a designation of the direction of impact and&#xD;
the quality of evidence.&#xD;
We found that cash transfers and agriculture programmes are among the most widely&#xD;
covered intervention types by systematic reviews, but other intervention types showed&#xD;
promising results. The costs and benefits of interventions were rarely studied in a rigorous&#xD;
way, hence the systematic reviews included here repeatedly note the need for more research&#xD;
to support decision-making for policies and programmes aimed at achieving SDGs 1 and 2.&#xD;
Another common message across intervention types is the importance of context in terms of&#xD;
determining the effectiveness of interventions.&#xD;
Given the number and diversity of interventions, outcomes and indicators, the goal is not&#xD;
to synthesize all the findings to say “what we know” about “what has worked”. Rather, by&#xD;
pulling together evidence that is customarily examined by intervention type or by outcome,&#xD;
we hope to encourage reflection on what it means to use evidence to inform agricultural and&#xD;
rural development programming to SDGs 1 and 2 and to identify implications for future&#xD;
impact evaluations and systematic reviews that are conducted with this goal in mind.</subfield></datafield><datafield tag="650" ind1=" " ind2="7"><subfield code="a">RURAL DEVELOPMENT</subfield><subfield code="2">AGROVOC</subfield></datafield><datafield tag="650" ind1=" " ind2="7"><subfield code="a">SUSTAINABILITY</subfield><subfield code="2">AGROVOC</subfield></datafield><datafield tag="650" ind1=" " ind2="7"><subfield code="a">FOOD SECURITY</subfield><subfield code="2">AGROVOC</subfield></datafield><datafield tag="650" ind1=" " ind2="7"><subfield code="a">RURAL FINANCE</subfield><subfield code="2">AGROVOC</subfield></datafield><datafield tag="650" ind1=" " ind2="7"><subfield code="a">POVERTY</subfield><subfield code="2">AGROVOC</subfield></datafield><datafield tag="700" ind1="1" ind2=" "><subfield code="a">Johnson, N.</subfield></datafield><datafield tag="700" ind1="1" ind2=" "><subfield code="a">Arslan, A.</subfield></datafield><datafield tag="773" ind1=" " ind2=" "><subfield code="w">IF000015583</subfield></datafield><datafield tag="852" ind1=" " ind2=" "><subfield code="a">Library</subfield></datafield><datafield tag="856" ind1=" " ind2="8"><subfield code="u">http://library2018.ifad.org:8080/16519.jpg</subfield></datafield><datafield tag="856" ind1=" " ind2=" "><subfield code="u">https://www.ifad.org/documents/38714170/41182179/38_research.pdf/619b7abb-e110-44fc-dd04-948cf0cbe508</subfield></datafield><datafield tag="999" ind1=" " ind2=" "><subfield code="a">VIRTUA40</subfield></datafield><datafield tag="999" ind1=" " ind2=" "><subfield code="a">VTLSSORT0010*0030*0080*0350*0390*0900*1000*2450*2600*3000*4900*5200*6500*6501*6502*6503*6504*7000*7001*7730*8520*8560*8561*9992</subfield></datafield></record></collection>